@misc{youtube_api,
  author = {{Google}},
  title  = {YouTube Data API v3},
  year   = {2023},
  note   = {Accessed: [October 11, 2025]},
  url    = {https://developers.google.com/youtube/v3}
}

@misc{reddit_api_praw,
  author = {{Reddit, Inc. and PRAW Authors}},
  title  = {PRAW: The Python Reddit API Wrapper},
  year   = {2023},
  note   = {Accessed: [October 11, 2025]},
  url    = {https://praw.readthedocs.io/en/latest/}
}

@misc{pytrends_api,
  author = {{Patat, Damien}},
  title  = {pytrends: Unofficial API for Google Trends},
  year   = {2023},
  note   = {Accessed: [October 11, 2025]},
  url    = {https://github.com/pat310/google-trends-api}
}
